% literatur.bib
@Book{mir_mods_00001199,
	author = 	{B{\"a}hring, Helmut},
	title = 	{Vergleich der Fehler{\"u}berdeckung von Pr{\"u}fsummen- und Signaturverfahren},
	series = 	{Informatik-Berichte},
	year = 	{1988},
	publisher = 	{FernUniversit{\"a}t in Hagen},
	address = 	{Hagen},
	volume = 	{75},
	url = 	{https://ub-deposit.fernuni-hagen.de/receive/mir_mods_00001199},
	file = 	{:https://ub-deposit.fernuni-hagen.de/servlets/MCRFileNodeServlet/mir_derivate_00001437/Baehring_Fehlerueberdeckung_1988.pdf:PDF},
	language = 	{en}
}

@BOOK{Asche2016,
	AUTHOR = {Asche, Rüdiger R.},
	YEAR = {2016},
	TITLE = {Embedded Controller - Grundlagen und praktische Umsetzung für industrielle Anwendungen},
	EDITION = {},
	ISBN = {978-3-658-14850-8},
	PUBLISHER = {Springer-Verlag},
	ADDRESS = {Berlin Heidelberg New York},
}

@BOOK{Kappes2007,
	AUTHOR = {Kappes, Martin},
	YEAR = {2007},
	TITLE = {Netzwerk- und Datensicherheit - Eine praktische Einführung},
	EDITION = {},
	ISBN = {978-3-835-19202-7},
	PUBLISHER = {Springer-Verlag},
	ADDRESS = {Berlin Heidelberg New York},
}

@book{weigend18,
	Author = {Weigend, Michael},
	Publisher = {MITP},
	Series = {mitp Professional},
	Title = {Python 3 : Lernen und professionell anwenden. Das umfassende Praxisbuch.},
	Volume = {7. erweiterte Auflage},
	Year = {Frechen, 2018},
}

@book{kalista18,
	Author = {Kalista, Heiko},
	Publisher = {Carl Hanser Verlag},
	Title = {Python 3 - Einsteigen und Durchstarten},
	Volume = {1. Auflage},
	Year = {München, 2018},
}

@book{davis15,
	Author = {Davis, Stephen R.},
	Publisher = {WILEY-VCH Verlag GmbH \& Co KG},
	Title = {C++ für Dummies},
	Volume = {7. aktualisierte Auflage},
	Year = {Weinheim, 2015},
}

@book{pollakowski03,
	Author = {Pollakowski, Martin},
	Publisher = {Vieweg Verlag},
	Title = {Grundkurs MySQL und PHP, So entwickeln Sie Datenbanken mit Open-Source-Software},
	Volume = {1. Auflage},
	Year = {Wiesbaden, 03.2003},
}

@book{lawrenz11,
	Author = {Lawrenz, Wolfhard},
	Publisher = {VDE Verlag},
	Title = {CAN - Controller Area Network: Grundlagen, Design, Anwendungen, Testtechnik},
	Volume = {5., neu bearbeitete Auflage},
	Year = {Berlin, 31.05.2011},
}

@BOOK{Gevatter2006,
	AUTHOR = {Gevatter, Hans-Jürgen AND Grünhaupt, Ulrich},
	YEAR = {2006},
	TITLE = {Handbuch der Mess- und Automatisierungstechnik im Automobil - Fahrzeugelektronik, Fahrzeugmechatronik},
	EDITION = {},
	ISBN = {978-3-540-29980-6},
	PUBLISHER = {Springer-Verlag},
	ADDRESS = {Berlin Heidelberg New York},
}

@BOOK{Bergmann2012,
	AUTHOR = {Bergmann, Julia AND Plieninger, Jürgen},
	YEAR = {2012},
	TITLE = {Arbeitsorganisation 2.0 - Tools für den Arbeitsalltag in Kultur- und Bildungseinrichtungen},
	EDITION = {},
	ISBN = {978-3-110-26959-8},
	PUBLISHER = {Walter de Gruyter},
	ADDRESS = {Berlin},
}

@BOOK{Preisel2017-eu,
	title     = "Git - Dezentrale Versionsverwaltung im Team Grundlagen und Workflows",
	author    = "Prei{\ss}el, Ren{\'e} and Stachmann, Bj{\o}rn",
	publisher = "dpunkt",
	edition   =  4,
	month     =  mar,
	year      =  2017,
	address   = "Heidelberg, Germany"
}

@BOOK{Muller2022-bz,
	title     = "Abschlussarbeiten mit {LaTeX} erstellen",
	author    = "Muller, Marcel and Wings, Elmar",
	publisher = "Springer Vieweg",
	edition   =  1,
	month     =  mar,
	year      =  2022,
	address   = "Wiesbaden, Germany",
	language  = "de"
}

@BOOK{Preim2010,
	AUTHOR = {Preim, Bernhard AND Dachselt, Raimund},
	YEAR = {2010},
	TITLE = {Interaktive Systeme - Band 1: Grundlagen, Graphical User Interfaces, Informationsvisualisierung},
	EDITION = {},
	ISBN = {978-3-642-05402-0},
	PUBLISHER = {Springer-Verlag},
	ADDRESS = {Berlin Heidelberg New York},
}

@BOOK{Donges2021,
	AUTHOR = {Donges, Jörn},
	YEAR = {2021},
	TITLE = {Mach was mit Python \& Raspberry Pi! - Spielerisch programmieren lernen und mit DIY-Projekten durchstarten},
	EDITION = {},
	ISBN = {978-3-446-46601-2},
	PUBLISHER = {Carl Hanser Verlag GmbH \& Co KG},
	ADDRESS = {M},
}

@BOOK{Probst2023,
	AUTHOR = {Probst, Uwe},
	YEAR = {2023},
	TITLE = {Objektorientiertes Programmieren - Eine Einführung für die Ingenieurwissenschaften in C++},
	EDITION = {},
	ISBN = {978-3-446-47838-1},
	PUBLISHER = {Carl Hanser Verlag GmbH \& Co KG},
	ADDRESS = {M},
}

@BOOK{Kaminski2016,
	AUTHOR = {Kaminski, Steffan},
	YEAR = {2016},
	TITLE = {Python 3},
	EDITION = {},
	ISBN = {978-3-110-47365-0},
	PUBLISHER = {Walter de Gruyter GmbH \& Co KG},
	ADDRESS = {Berlin},
}

@BOOK{stilkerich16,
	AUTHOR = {Stilkerich, Isabella},
	YEAR = {2016},
	TITLE = {Dissertation: Kooperative Speicherverwaltung in sicherheitskritischen eingebetteten Systemen},
	PUBLISHER = {Technische Fakultät der Friedrich-Alexander-Universität},
	ADDRESS = {Erlangen-Nürnberg},
}

@BOOK{Baun2020,
	AUTHOR = {Baun, Christian},
	YEAR = {2020},
	TITLE = {Betriebssysteme kompakt - Grundlagen, Daten, Speicher, Dateien, Prozesse und Kommunikation},
	EDITION = {},
	ISBN = {978-3-662-61411-2},
	PUBLISHER = {Springer-Verlag},
	ADDRESS = {Berlin Heidelberg New York},
}

@BOOK{Wegner2009,
	author={Wegner, Lutz},
	title={Programmierung graphischer Benutzerschnittstellen mit Tcl/Tk},
	Volume = {4},
	publisher={Universität Kassel, Fachbereich Elektrotechnik/Informatik},
	year={2009},
	ADDRESS = {Kassel},
}

@BOOK{Achilles2010,
	AUTHOR = {Achilles, Albrecht},
	YEAR = {2010},
	TITLE = {Betriebssysteme - Eine kompakte Einführung mit Linux},
	EDITION = {},
	ISBN = {978-3-540-29376-7},
	PUBLISHER = {Springer-Verlag},
	ADDRESS = {Berlin Heidelberg New York},
}

@BOOK{Küveler2013,
	AUTHOR = {Küveler, Gerd AND Schwoch, Dietrich},
	YEAR = {2013},
	TITLE = {Informatik für Ingenieure - C/C++, Mikrocomputertechnik, Datennetze},
	EDITION = {},
	ISBN = {978-3-322-93935-7},
	PUBLISHER = {Springer-Verlag},
	ADDRESS = {Berlin Heidelberg New York},
}

@BOOK{Watson2017,
	AUTHOR = {Watson, Des},
	YEAR = {2017},
	TITLE = {A Practical Approach to Compiler Construction - },
	EDITION = {},
	ISBN = {978-3-319-52789-5},
	PUBLISHER = {Springer},
	ADDRESS = {Berlin, Heidelberg},
}

@BOOK{Flik2004-dl,
	title     = "Mikroprozessortechnik und Rechnerstrukturen",
	author    = "Flik, Thomas",
	publisher = "Springer",
	edition   =  7,
	month     =  sep,
	year      =  2004,
	address   = "Berlin, Germany",
	language  = "de"
}

@BOOK{Klima2010-br,
	title     = "Programmieren in {C}",
	author    = "Klima, Robert and Selberherr, Siegfried",
	publisher = "Springer",
	edition   =  3,
	month     =  dec,
	year      =  2010,
	address   = "Vienna, Austria",
	language  = "de"
}

@BOOK{Wust2010-jg,
	title     = "Mikroprozessortechnik",
	author    = "W{\"u}st, Klaus",
	publisher = "Vieweg \& Teubner",
	edition   =  4,
	month     =  nov,
	year      =  2010,
	address   = "Wiesbaden, Germany",
	language  = "de"
}

@MISC{FunkSicher,
	type = {Norm},
	number = {{DIN EN 61508-3:2011-02}},
	year = {VDE-Verlag, Berlin - Offenbach, 2011},
	title = {{DIN EN 61508-3:2011-02, Funktionale Sicherheit sicherheitsbezogener elektrischer/elektronischer/programmierbarer elektronischer Systeme Teil 3: Anforderungen an Software}},
}

@MISC{CANopen,
	type = {Norm},
	number = {EN 50325-4},
	year = {2002},
	title = {{EN 50325-4, Industrielles Kommunikationssubsystem basierend auf ISO 11898 (CAN) Teil 4: CANopen, CENELEC, Brüssel}},
}

@MISC{SRDO,
	type = {Norm},
	number = {EN 50325-5},
	year = {2010},
	title = {{EN 50325-5, Industrielles Kommunikationssubsystem basierend auf ISO 11898 (CAN) Teil 5: Funktional sichere Kommunikation basierend auf EN 50325-4, CENELEC, Brüssel}},
}

@MISC{ISO_11898,
	type = {Norm},
	number = {ISO 11898-1},
	year = {2015},
	title = {{ISO 11898-1, Road vehicles - Controller area network (CAN) - Part 1: Data link layer and physical signalling, ISO}},
}

@MISC{ISO_11898,
	type = {Norm},
	number = {ISO 11898-1},
	year = {2015},
	title = {{IAR C/C++ Development Guide Compiling and Linking}},
}

@book{iar_guide,
	Author = {IAR Systems},
	Publisher = {IAR Systems},
	Title = {IAR C/C++ Development Guide Compiling and Linking},
	Volume = {29. Edition},
	Year = {Juni 2023},
}

@MISC{Bosch_can,
	type = {Norm},
	number = {Bosch CAN 2.0},
	year = {1991},
	title = {{CAN Specification
	Version 2.0, BOSCH, Stuttgart}},
}

@book{vitocharge_anleitung,
	Author = {Viessmann},
	Publisher = {Viessmann Werke GmbH \& Co. KG},
	Title = {Montage- und Serviceanleitung, für die Fachkraft},
	Volume = {},
	Year = {Allendorf (Eder), August 2020},
}

@book{cortex_M0+_programming_manual,
	Author = {STMicroelectronics},
	Publisher = {STMicroelectronics},
	Title = {PM0223: STM32 Cortex®-M0+ MCUs programming manual},
	Volume = {7},
	Year = {Mai 2023},
}

@book{cortex_M4_programming_manual,
	Author = {STMicroelectronics},
	Publisher = {STMicroelectronics},
	Title = {PM0214: STM32 Cortex®-M4 MCUs and MPUs programming manual},
	Volume = {10},
	Year = {Mai 2020},
}

@book{skript:wegner09,
	Author = {Wegner, Lutz},
	Title = {Programmierung graphischer Benutzerschnittstellen mit Tcl/Tk},
	Volume = {4. Auflage},
	Year = {Kassel, April 2009},
}

@BOOK{Dorn2020-lb,
	title     = "Python lernen in abgeschlossenen Lerneinheiten: Programmieren
	f{\"u}r Einsteiger mit vielen Beispielen",
	author    = "D{\"o}rn, Sebastian",
	publisher = "Springer-Verlag",
	month     =  may,
	year      =  2020,
	language  = "de"
}

@BOOK{Metter2012-dz,
	title     = "Industrial Ethernet in der Automatisierungstechnik",
	author    = "Metter, Mark and Bucher, Rainer",
	publisher = "Publicis MCD Verlag",
	edition   =  2,
	month     =  feb,
	year      =  2012,
	language  = "de"
}

@BOOK{Garcia2017-op,
	title    = "{ANSI} {C} 3.0 Grundlagen der Programmierung: mit {HERDT}
	{BuchPlus}",
	author   = "Garc{\'\i}a, Ricardo Hern{\'a}ndez",
	year     =  2017,
	language = "de",
	publisher = "HERDT-Verlag für Bildungsmedien GmbH"
}

@BOOK{Schmitt2019-nd,
	title     = "Mikrocontrollertechnik Mit Avr",
	author    = "Schmitt, G{\"u}nter and Riedenauer, Andreas",
	publisher = "Walter de Gruyter",
	series    = "de Gruyter Studium",
	edition   =  6,
	month     =  sep,
	year      =  2019,
	language  = "de"
}

@BOOK{Klein2021-ko,
	title     = "Einf{\"u}hrung in Python 3: F{\"u}r Ein- und Umsteiger",
	author    = "Klein, Bernd",
	publisher = "Carl Hanser Verlag",
	month     =  jun,
	year      =  2021,
	address   = "Munich, Germany",
	language  = "de"
}

@BOOK{Ernesti2023-iy,
	title    = "Python 3: Das umfassende Handbuch: {\"U}ber 1.000 Seiten
	Sprachgrundlagen, {OOP} und Beispielprogramme",
	author   = "Ernesti, Johannes and Kaiser, Peter",
	month    =  jan,
	year     =  2023,
	language = "de",
	publisher = "Rheinwerk Publishing Inc."
}

@BOOK{Slatkin2015-xn,
	title     = "Effektiv Python programmieren: 59 Wege für bessere Python-Programme",
	author    = "Slatkin, Brett",
	publisher = "MITP",
	series    = "mitp Professional",
	edition   =  1,
	month     =  sep,
	year      =  2015,
	address   = "Frechen, Germany",
	language  = "de"
}


@misc{inet:regex101,
	AUTHOR={{Vgl. regex101}},
	TITLE={{Regular Expressions 101}},
	NOTE={URL: \url{https://regex101.com/}, abgerufen am 19.~Juni 2024},
}

@misc{inet:GoogleWorkspace,
	AUTHOR={{Vgl. Google}},
	TITLE={{Google Workspace Startseite}},
	NOTE={URL: \url{https://workspace.google.com/intl/de/}, abgerufen am 01.~August 2023},
}

@misc{inet:ttkbootstrap,
	AUTHOR={{Vgl. o. V.}},
	TITLE={{ttkbootstrap Startseite}},
	NOTE={URL: \url{https://ttkbootstrap.readthedocs.io/en/latest/}, abgerufen am 21.~Juni 2024},
}

@misc{inet:python_re,
	AUTHOR={{Vgl. o. V.}},
	TITLE={{Dokumentation re}},
	NOTE={URL: \url{https://docs.python.org/3/library/re.html}, abgerufen am 21.~Juni 2024},
}

@misc{inet:sourcetree,
	AUTHOR={{Vgl. o. V.}},
	TITLE={{Homepage Sourcetree}},
	NOTE={URL: \url{https://www.sourcetreeapp.com/}, abgerufen am 21.~Juni 2024},
}

@misc{inet:bootstrap,
	AUTHOR={{Vgl. o. V.}},
	TITLE={{Homepage Bootstrap}},
	NOTE={URL: \url{https://getbootstrap.com/}, abgerufen am 21.~Juni 2024},
}
@misc{inet:dateiwiki,
	AUTHOR={{Vgl. Datei.wiki}},
	TITLE={{Verständnis der Prüfsumme}},
	NOTE={URL: \url{https://datei.wiki/definition/verstaendnis-der-pruefsumme/}, abgerufen am 03.~August 2023},
}

@misc{inet:sunshine,
	AUTHOR={{Vgl. Sunshine}},
	TITLE={{Understanding and implementing CRC}},
	NOTE={URL: \url{http://www.sunshine2k.de/articles/coding/crc/understanding_crc.html}, abgerufen am 03.~August 2023},
}

@misc{inet:STM32H5,
	AUTHOR={{Vgl. STMicroelectronics}},
	TITLE={{STM32 Nucleo-144 Entwicklerboard}},
	NOTE={URL: \url{https://www.st.com/en/evaluation-tools/nucleo-f412zg.html}, abgerufen am 01.~August 2023},
}

@misc{inet:nucleo64,
	AUTHOR={{Vgl. STMicroelectronics}},
	TITLE={{STM32 Nucleo-64 development board with STM32G0B1RE MCU, supports Arduino and ST morpho connectivity}},
	NOTE={URL: \url{https://www.st.com/en/evaluation-tools/nucleo-g0b1re.html}, abgerufen am 22.~August 2023},
}

@misc{inet:vscode,
	AUTHOR={{Vgl. Microsoft}},
	TITLE={{Startseite Visual Studio Code}},
	NOTE={URL: \url{https://code.visualstudio.com/}, abgerufen am 02.~Juli 2023},
}

@misc{inet:iar,
	AUTHOR={{Vgl. IAR}},
	TITLE={{Startseite IAR Embedded Workbench für ST}},
	NOTE={URL: \url{https://www.iar.com/products/architectures/st/}, abgerufen am 01.~August 2023},
}
@misc{inet:PythonOrg,
	AUTHOR={{Vgl. Python Software Foundation}},
	TITLE={{Python Website}},
	NOTE={URL: \url{https://www.python.org/psf-landing/}, abgerufen am 02.~Juli 2024},
}

@misc{inet:MySQL,
	AUTHOR={{Vgl. Oracle}},
	TITLE={{MySQL Dokumentation}},
	NOTE={URL: \url{https://dev.mysql.com/doc/connector-python/en/preface.html}, abgerufen am 21.~September 2022},
}

@misc{inet:xampp,
	AUTHOR={{Vgl. Apache Friends}},
	TITLE={{XAMPP Website}},
	NOTE={URL: \url{https://www.apachefriends.org/de/index.html}, abgerufen am 08.~September 2022},
}

@misc{inet:git,
	AUTHOR={{Vgl. o. V.}},
	TITLE={{GIT Website}},
	HOWPUBLISHED={Software Freedom Conservancy},
	NOTE={URL: \url{https://git-scm.com/}, abgerufen am 25.~Juni 2024},
}

@misc{inet:PythonEval,
	AUTHOR={{Vgl. Python Software Foundation}},
	TITLE={{Eval Dokumentation}},
	NOTE={URL: \url{https://docs.python.org/3/library/functions.html#eval}, abgerufen am 21.~September 2022},
}

@misc{inet:vitocharge,
	AUTHOR={{Vgl. Viessmann Deutschland GmbH}},
	TITLE={{VITOCHARGE VX3 PV-Stromspeicher}},
	NOTE={URL: \url{https://www.viessmann.de/de/produkte/energiemanagement/vitocharge-vx3.html\#waypoint\_content\_navigation\_start}, abgerufen am 05.~Oktober 2022},
}

@misc{inet:katek,
	AUTHOR={{Vgl. KATEK SE}},
	TITLE={{Elektronische Ideenvielfalt für eine smarte Zukunft}},
	NOTE={URL: \url{https://katek-group.de/leistungen/branchen/#energie}, abgerufen am 17.~Oktober 2022},
}


@misc{inet:phpmyadmin,
	AUTHOR={{Vgl. phpMyAdmin-Team}},
	TITLE={{Bringing MySQL to the web}},
	NOTE={URL: \url{https://www.phpmyadmin.net/}, abgerufen am 17.~Oktober 2022},
}

@misc{inet:google_colab,
	AUTHOR={{Vgl. Google}},
	TITLE={{Willkommen bei Colaboratory}},
	NOTE={URL: \url{https://colab.research.google.com/}, abgerufen am 03.~November 2022},
}

@misc{inet:PyInstaller,
	AUTHOR={{Vgl. o. V.}},
	TITLE={{PyInstaller Github Startseite}},
	NOTE={URL: \url{https://github.com/pyinstaller/pyinstaller}, abgerufen am 16.~Januar 2024},
}

@misc{inet:ionos,
	AUTHOR={{Vgl. o. V.}},
	TITLE={{Readme: Alles Wichtige im Überblick - inklusive Vorlage}},
	NOTE={URL: \url{https://www.ionos.de/digitalguide/websites/web-entwicklung/readme-datei/}, abgerufen am 25.~Juni 2024},
}

@misc{inet:pep8,
	AUTHOR={{Vgl. Guido van Rossum and Barry Warsaw and Alyssa Coghlan}},
	TITLE={{PEP 8 – Style Guide for Python Code}},
	NOTE={URL: \url{https://peps.python.org/pep-0008/}, abgerufen am 28.~Juni 2024},
}

@misc{inet:pep257,
	AUTHOR={{Vgl. David Goodger and Guido van Rossum}},
	TITLE={{PEP 257 – Docstring Conventions}},
	NOTE={URL: \url{https://peps.python.org/pep-0257/}, abgerufen am 28.~Juni 2024},
}

@misc{inet:pep20,
	AUTHOR={{Vgl. Tim Peters}},
	TITLE={{PEP 20 – The Zen of Python}},
	NOTE={URL: \url{https://peps.python.org/pep-0020/}, abgerufen am 28.~Juni 2024},
}

@misc{inet:iar_placing,
	AUTHOR={{Vgl. o. V.}},
	TITLE={{Placing a group of functions or variables in a specific section}},
	NOTE={URL: \url{https://www.iar.com/knowledge/support/technical-notes/linker/how-do-i-place-a-group-of-functions-or-variables-in-a-specific-section/}, abgerufen am 02.~Juli 2024},
}

@misc{booklet:iar_project,
	AUTHOR={{Vgl. IAR Systems AB}},
	TITLE={{IDE Project Managementand Building Guide - UIDEARM-18}},
	NOTE={URL: \url{https://wwwfiles.iar.com/arm/webic/doc/EWARM_IDEGuide.ENU.pdf}, abgerufen am 02.~Juli 2024},
}



